@Article{Bah,
  author = 	 {Scrooge, Ebenezer and Shepherd, Alan},
  title = 	 {On the Growth of Green in Space},
  journal = 	 {Journal of Astrophysical Economics},
  year = 	 1992,
  volume =	 3,
  number =	 4,
  month =	 {August},
  pages =	 {47--89}
}

@InProceedings{xyz,
  author = 	 {Daniel J. Barrett and John V. E. Ridgway and Jack C. Wileden},
  title = 	 {Why There are No Sheep in our Work},
  booktitle = 	 {Proceedings of the Third Sheep Conference},
  editor =	 {Ian McPherson Sheepish},
  year =	 1997,
  organization = {American Sheepherders Society},
  publisher =	 {Sheepdip and Associates},
  address =	 {Edinburgh, Scotland},
  month =	 jan,
  pages =	 {39--45}
}

