%% This BibTeX bibliography file was created using BibDesk.
%% http://bibdesk.sourceforge.net/


%% Created for Dan Gyllstrom at 2014-02-24 16:04:50 -0500 


%% Saved with string encoding Unicode (UTF-8) 



@inproceedings{Lantz10,
	Acmid = {1868466},
	Address = {New York, NY, USA},
	Articleno = {19},
	Author = {Lantz, B. and Heller, B. and McKeown, N.},
	Booktitle = {Proceedings of the 9th ACM SIGCOMM Workshop on Hot Topics in Networks},
	Date-Added = {2014-02-24 15:34:16 -0500},
	Date-Modified = {2014-02-24 15:34:16 -0500},
	Doi = {10.1145/1868447.1868466},
	Isbn = {978-1-4503-0409-2},
	Keywords = {emulation, open-flow, rapid prototyping, software defined networking, virtualization},
	Location = {Monterey, California},
	Numpages = {6},
	Pages = {19:1--19:6},
	Publisher = {ACM},
	Series = {Hotnets-IX},
	Title = {A Network in a Laptop: Rapid Prototyping for Software-defined Networks},
	Url = {http://doi.acm.org/10.1145/1868447.1868466},
	Year = {2010},
	Bdsk-Url-1 = {http://doi.acm.org/10.1145/1868447.1868466},
	Bdsk-Url-2 = {http://dx.doi.org/10.1145/1868447.1868466}}

@book{Kurose03,
	Author = {Kurose, J. and Ross, K.},
	Date-Added = {2014-02-24 12:37:19 -0500},
	Date-Modified = {2014-02-24 12:39:52 -0500},
	Edition = {Second Edition},
	Publisher = {Addison-Wesley, Reading},
	Title = {Computer networking: a top-down approach featuring the internet},
	Year = {2003}}

@article{Nem78,
	Author = {Nemhauser, G. and Wolsey, L. and Fisher, M.},
	Date-Added = {2014-02-19 17:32:35 -0500},
	Date-Modified = {2014-02-19 18:09:51 -0500},
	Journal = {Mathematical Programming},
	Number = {1},
	Pages = {265--294},
	Publisher = {Springer},
	Title = {An analysis of approximations for maximizing submodular set functions---{I}},
	Volume = {14},
	Year = {1978}}

@inproceedings{Rotsos12,
	Author = {Rotsos, C. and Sarrar, N. and Uhlig, S. and Sherwood, R. and Moore, A.},
	Booktitle = {Passive and Active Measurement},
	Date-Added = {2014-02-18 01:04:22 -0500},
	Date-Modified = {2014-02-18 01:04:22 -0500},
	Organization = {Springer},
	Pages = {85--95},
	Title = {O{F}{L}{O}{P}{S}: An {O}pen {F}ramework for {O}penflow {S}witch {E}valuation},
	Year = {2012}}

@misc{Pox,
	Annote = {http://www.noxrepo.org/pox/about-pox/},
	Author = {Mccauley, J.},
	Date-Added = {2014-02-05 17:31:26 -0500},
	Date-Modified = {2014-02-05 17:31:26 -0500},
	Note = {\url{http://www.noxrepo.org/pox/about-pox/}},
	Title = {P{O}{X}: {A} {P}ython-based {O}penFlow {C}ontroller}}

@article{Rosen01,
	Author = {Rosen, E. and Viswanathan, A. and Callon, R. and others},
	Date-Added = {2014-02-04 13:33:00 -0500},
	Date-Modified = {2014-02-04 13:33:00 -0500},
	Publisher = {rfc 3031, January},
	Title = {Multiprotocol label switching architecture},
	Year = {2001}}

@inproceedings{Ferguson13,
	Author = {Andrew~D. Ferguson and Arjun Guha and Chen Liang and Rodrigo Fonseca and Shriram Krishnamurthi},
	Booktitle = {ACM SIGCOMM},
	Date-Added = {2014-01-29 11:33:59 -0500},
	Date-Modified = {2014-01-29 11:34:14 -0500},
	Title = {{P}articipatory {N}etworking: An {API} for Application Control of {SDN}s},
	Year = 2013}

@inproceedings{Johnson07,
	Author = {Johnson, Anthony and Tucker, Robert and Tran, Thuan and Paserba, John and Sullivan, Dan and Anderson, Chris and Whitehead, Dave},
	Booktitle = {proceedings of the 34th Annual Western Protective Relay Conference, Spokane, WA},
	Date-Added = {2014-01-22 17:33:01 -0500},
	Date-Modified = {2014-01-22 17:33:01 -0500},
	Title = {Static Var Compensation Controlled via Synchrophasors},
	Year = {2007}}

@inproceedings{Charikar98,
	Author = {Charikar, M. and Chekuri, C. and Cheung, T. and Dai, Z. and Goel, A. and Guha, S. and Li, M.},
	Booktitle = {Proceedings of the ninth annual ACM-SIAM symposium on Discrete algorithms},
	Date-Added = {2013-09-06 12:01:16 -0400},
	Date-Modified = {2013-09-06 12:01:16 -0400},
	Organization = {Society for Industrial and Applied Mathematics},
	Pages = {192--200},
	Title = {Approximation algorithms for directed Steiner problems},
	Year = {1998}}

@article{Dughmi09,
	Author = {S. Dughmi},
	Bibsource = {DBLP, http://dblp.uni-trier.de},
	Date-Added = {2013-08-10 12:40:22 -0400},
	Date-Modified = {2013-08-10 12:40:44 -0400},
	Ee = {http://arxiv.org/abs/0912.0322},
	Journal = {CoRR},
	Title = {Submodular Functions: Extensions, Distributions, and Algorithms. A Survey},
	Volume = {abs/0912.0322},
	Year = {2009}}

@incollection{Lu05,
	Author = {Lu, Q. and Zhang, H.},
	Booktitle = {Experimental and Efficient Algorithms},
	Date-Added = {2013-07-30 16:46:16 -0400},
	Date-Modified = {2013-07-30 16:46:35 -0400},
	Pages = {152--164},
	Publisher = {Springer},
	Title = {Implementation of approximation algorithms for the multicast congestion problem},
	Year = {2005}}

@article{Bienstock95,
	Author = {Bienstock, D. and G{\"u}nl{\"u}k, O.},
	Date-Added = {2013-07-30 16:38:11 -0400},
	Date-Modified = {2013-08-22 14:35:19 -0400},
	Journal = {Mathematical Programming},
	Number = {1-3},
	Pages = {213--237},
	Publisher = {Springer},
	Title = {Computational experience with a difficult mixed integer multicommodity flow problem},
	Volume = {68},
	Year = {1995}}

@article{Chen00,
	Author = {Chen, S. and G{\"u}nl{\"u}k, O. and Yener, B.},
	Date-Added = {2013-07-30 11:36:50 -0400},
	Date-Modified = {2013-07-30 11:37:18 -0400},
	Journal = {IEEE/ACM Transactions on Networking (TON)},
	Number = {3},
	Pages = {311--318},
	Publisher = {IEEE Press},
	Title = {The multicast packing problem},
	Volume = {8},
	Year = {2000}}

@misc{PF5820,
	Date-Added = {2013-07-22 17:21:46 -0400},
	Date-Modified = {2013-07-22 17:31:42 -0400},
	Note = {\url{http://www.necam.com/SDN/}},
	Title = {Programmable{F}low {P}{F}5820 Switch},
	Url = {http://www.necam.com/SDN/},
	Bdsk-Url-1 = {http://www.necam.com/SDN/}}

@inproceedings{Curtis11,
	Author = {Curtis, Andrew R and Mogul, Jeffrey C and Tourrilhes, Jean and Yalagandula, Praveen and Sharma, Puneet and Banerjee, Sujata},
	Booktitle = {ACM SIGCOMM Computer Communication Review},
	Date-Added = {2013-07-22 17:14:50 -0400},
	Date-Modified = {2013-07-22 17:15:05 -0400},
	Number = {4},
	Organization = {ACM},
	Pages = {254--265},
	Title = {DevoFlow: Scaling flow management for high-performance networks},
	Volume = {41},
	Year = {2011}}

@misc{Tian05,
	Author = {A.J. Tian and N. Shen},
	Date-Added = {2013-06-27 15:03:40 -0400},
	Date-Modified = {2013-06-27 15:05:15 -0400},
	Howpublished = {draft-tian-frr-alt-shortest-path-01.txt},
	Month = {July},
	Title = {Fast Reroute using Alternative Shortest Paths},
	Year = {2004}}

@article{Psounis99,
	Author = {Psounis, K.},
	Date-Added = {2013-03-21 10:34:05 -0400},
	Date-Modified = {2013-03-21 10:34:23 -0400},
	Journal = {Communications Surveys \& Tutorials, IEEE},
	Number = {1},
	Pages = {2--16},
	Publisher = {IEEE},
	Title = {Active networks: Applications, security, safety, and architectures},
	Volume = {2},
	Year = {1999}}

@article{Lau05,
	Author = {Lau, W. and Jha, S. and Banerjee, S.},
	Date-Added = {2013-03-14 11:23:59 -0400},
	Date-Modified = {2013-03-14 11:24:22 -0400},
	Journal = {NETWORKING 2005. Networking Technologies, Services, and Protocols; Performance of Computer and Communication Networks; Mobile and Wireless Communications Systems},
	Pages = {237--243},
	Publisher = {Springer},
	Title = {Efficient bandwidth guaranteed restoration algorithms for multicast connections},
	Year = {2005}}

@inproceedings{Kodialam02,
	Author = {Kodialam, M. and Lakshman, T.},
	Booktitle = {Network Protocols, 2002. Proceedings. 10th IEEE International Conference on},
	Date-Added = {2013-03-14 11:22:41 -0400},
	Date-Modified = {2014-02-24 12:44:29 -0500},
	Organization = {IEEE},
	Pages = {259--268},
	Title = {Dynamic routing of bandwidth guaranteed multicasts with failure backup},
	Year = {2002}}

@inproceedings{Tam09,
	Author = {Tam, AS-W and Xi, K. and Chao, J. H.},
	Booktitle = {Global Telecommunications Conference, 2009. GLOBECOM 2009. IEEE},
	Date-Added = {2013-03-14 11:20:51 -0400},
	Date-Modified = {2013-03-14 11:21:26 -0400},
	Organization = {IEEE},
	Pages = {1--7},
	Title = {A fast reroute scheme for IP multicast},
	Year = {2009}}

@inproceedings{Luebben09,
	Author = {Luebben, R. and Li, G. and Wang, D. and Doverspike, R. and Fu, X.},
	Booktitle = {Quality of Service, 2009. IWQoS. 17th International Workshop on},
	Date-Added = {2013-03-14 11:19:21 -0400},
	Date-Modified = {2013-03-14 11:19:59 -0400},
	Organization = {IEEE},
	Pages = {1--5},
	Title = {Fast rerouting for IP multicast in managed iptv networks},
	Year = {2009}}

@inproceedings{Li06,
	Author = {Li, G. and Wang, D. and Doverspike, R.},
	Booktitle = {Proc. of IEEE INFOCOM},
	Date-Added = {2013-02-25 15:08:53 -0500},
	Date-Modified = {2013-02-25 15:08:53 -0500},
	Title = {Efficient distributed MPLS P2MP fast reroute},
	Year = {2006}}

@article{Dijkstra59,
	Author = {Dijkstra, E. W.},
	Date-Added = {2013-02-24 18:48:54 -0500},
	Date-Modified = {2013-02-24 18:48:54 -0500},
	Journal = {Numerische mathematik},
	Number = {1},
	Pages = {269--271},
	Publisher = {Springer},
	Title = {A note on two problems in connexion with graphs},
	Volume = {1},
	Year = {1959}}

@inproceedings{Gyllstrom12,
	Author = {Gyllstrom, D. and Rosensweig, E. and Kurose, J.},
	Booktitle = {Proceedings of the 3rd International Conference on Future Energy Systems: Where Energy, Computing and Communication Meet},
	Date-Added = {2013-01-12 16:55:00 -0500},
	Date-Modified = {2013-01-12 16:55:13 -0500},
	Organization = {ACM},
	Pages = {20},
	Title = {On the impact of PMU placement on observability and cross-validation},
	Year = {2012}}

@inproceedings{Gyllstrom10,
	Author = {D. Gyllstrom and S. Vasudevan and J. Kurose and G. Miklau},
	Bibsource = {DBLP, http://dblp.uni-trier.de},
	Booktitle = {Networking},
	Crossref = {DBLP:conf/networking/2010},
	Date-Added = {2013-01-02 13:54:41 -0500},
	Date-Modified = {2013-01-02 13:55:12 -0500},
	Ee = {http://dx.doi.org/10.1007/978-3-642-12963-6_16},
	Pages = {198-212},
	Title = {Efficient Recovery from False State in Distributed Routing Algorithms},
	Year = {2010}}

@misc{GT-ITM,
	Date-Added = {2013-01-02 13:32:59 -0500},
	Date-Modified = {2013-01-02 13:32:59 -0500},
	Note = {\url{http://www.cc.gatech.edu/projects/gtitm/}},
	Title = {{G}{T}-{I}{T}{M}}}

@misc{Blackout2003,
	Annote = {\url{http://en.wikipedia.org/wiki/Northeast_blackout_of_2003}},
	Date-Added = {2013-01-02 13:31:02 -0500},
	Date-Modified = {2013-01-02 13:32:07 -0500},
	Title = {Northeast Blackout of 2003},
	Url = {http://en.wikipedia.org/wiki/Northeast_blackout_of_2003},
	Bdsk-Url-1 = {http://en.wikipedia.org/wiki/Northeast_blackout_of_2003}}

@inproceedings{Kotani12,
	Author = {Kotani, D. and Suzuki, K. and Shimonishi, H.},
	Booktitle = {Applications and the Internet (SAINT), 2012 IEEE/IPSJ 12th International Symposium on},
	Date-Added = {2012-12-27 13:57:07 -0500},
	Date-Modified = {2012-12-27 13:57:07 -0500},
	Organization = {IEEE},
	Pages = {60--67},
	Title = {A design and implementation of OpenFlow Controller handling IP multicast with Fast Tree Switching},
	Year = {2012}}

@techreport{Almes99,
	Author = {Almes, G. and Kalidindi, S. and Zekauskas, M.},
	Date-Added = {2012-12-27 13:56:49 -0500},
	Date-Modified = {2012-12-27 13:56:49 -0500},
	Institution = {RFC 2680, September},
	Title = {A one-way packet loss metric for IPPM},
	Year = {1999}}

@article{Caceres99,
	Author = {C{\'a}ceres, R. and Duffield, N.G. and Horowitz, J. and Towsley, D.F.},
	Date-Added = {2012-12-27 13:56:36 -0500},
	Date-Modified = {2012-12-27 13:56:36 -0500},
	Journal = {Information Theory, IEEE Transactions on},
	Number = {7},
	Pages = {2462--2480},
	Publisher = {IEEE},
	Title = {Multicast-based inference of network-internal loss characteristics},
	Volume = {45},
	Year = {1999}}

@inproceedings{Ethane07,
	Author = {Casado, M. and Freedman, M.J. and Pettit, J. and Luo, J. and McKeown, N. and Shenker, S.},
	Booktitle = {ACM SIGCOMM Computer Communication Review},
	Date-Added = {2012-12-27 13:56:14 -0500},
	Date-Modified = {2012-12-27 13:56:14 -0500},
	Number = {4},
	Organization = {ACM},
	Pages = {1--12},
	Title = {Ethane: Taking control of the enterprise},
	Volume = {37},
	Year = {2007}}

@url{2003Blackout-Backup,
	Date-Added = {2012-12-27 09:28:08 -0500},
	Date-Modified = {2012-12-27 14:05:57 -0500},
	Title = {Northeast Blackout of 2003},
	Url = {http://en.wikipedia.org/wiki/Northeast_blackout_of_2003},
	Bdsk-Url-1 = {http://en.wikipedia.org/wiki/Northeast_blackout_of_2003}}

@misc{IndiaBlackout,
	Author = {J. Yardley and G. Harris},
	Date-Added = {2012-12-27 09:26:45 -0500},
	Date-Modified = {2012-12-27 14:06:21 -0500},
	Month = {July 31, 2012},
	Note = {\url{http://www.nytimes.com/2012/08/01/world/asia/power-outages-hit-600-million-in-india.html?pagewanted=all&_r=1&}},
	Title = {2nd Day of Power Failures Cripples Wide Swath of India}}

@misc{OpenFlowSpec1.1,
	Author = {Pfaff, B. and others},
	Date-Added = {2012-12-12 13:51:29 -0500},
	Date-Modified = {2012-12-27 13:59:18 -0500},
	Publisher = {February},
	Title = {OpenFlow Switch Specification Version 1.1.0 Implemented (Wire Protocol 0x02)},
	Year = {2011}}

@url{IndiaBlackout-Backup,
	Annote = {http://www.nytimes.com/2012/08/01/world/asia/power-outages-hit-600-million-in-india.html?pagewanted=all&_r=1&},
	Author = {J. Yardley and G. Harris},
	Date-Added = {2012-12-10 18:10:12 -0500},
	Date-Modified = {2012-12-27 14:06:09 -0500},
	Title = {2nd Day of Power Failures Cripples Wide Swath of India},
	Url = {\url{http://www.nytimes.com/2012/08/01/world/asia/power-outages-hit-600-million-in-india.html?pagewanted=all&_r=1&}},
	Urldate = {July 31, 2012},
	Bdsk-Url-1 = {http://www.nytimes.com/2012/08/01/world/asia/power-outages-hit-600-million-in-india.html?pagewanted=all&_r=1&}}

@techreport{Tech12,
	Author = {D. Gyllstrom and E. Rosensweig and J. Kurose},
	Date-Added = {2012-12-05 11:14:18 -0500},
	Date-Modified = {2012-12-27 13:58:05 -0500},
	Institution = {University of Massachusetts Amherst},
	Number = {UM-CS-2012-001},
	Title = {{O}n the {I}mpact of {P}{M}{U} {P}lacement on {O}bservability and {C}ross-{V}alidation},
	Year = {2012}}

@phdthesis{Vanfretti-thesis,
	Author = {Vanfretti, L.},
	Date-Added = {2012-12-05 11:14:18 -0500},
	Date-Modified = {2012-12-05 11:14:18 -0500},
	Month = {December},
	School = {{R}ensselaer {P}olytechnic {I}nstitute},
	Title = {{P}hasor {M}easurement-{B}ased {S}tate-{E}stimation of {E}lectrical {P}ower {S}ystems and {L}inearized {A}nalysis of {P}ower {S}ystem {N}etwork {O}scillations},
	Year = {2009}}

@techreport{Tech11,
	Author = {D. Gyllstrom and E. Rosensweig and J. Kurose},
	Date-Added = {2012-12-05 11:14:18 -0500},
	Date-Modified = {2012-12-27 13:58:16 -0500},
	Institution = {University of Massachusetts Amherst},
	Number = {UM-CS-2011-014},
	Title = {{M}ax {O}bservability {P}{M}{U} {P}lacement with {C}ross-{V}alidation},
	Year = {2011}}

@article{Lich82,
	Author = {D. Lichtenstein},
	Bibsource = {DBLP, http://dblp.uni-trier.de},
	Date-Added = {2012-12-05 11:14:18 -0500},
	Date-Modified = {2012-12-05 11:14:18 -0500},
	Ee = {http://dx.doi.org/10.1137/0211025},
	Journal = {SIAM J. Comput.},
	Number = {2},
	Pages = {329-343},
	Title = {{P}lanar {F}ormulae and {T}heir {U}ses},
	Volume = {11},
	Year = {1982}}

@book{Garey79,
	Address = {New York, NY, USA},
	Author = {Garey, M.R. and Johnson, D. S.},
	Date-Added = {2012-12-05 11:14:18 -0500},
	Date-Modified = {2012-12-05 11:14:18 -0500},
	Isbn = {0716710447},
	Publisher = {W. H. Freeman \& Co.},
	Title = {{C}omputers and {I}ntractability: {A} {G}uide to the {T}heory of {N}{P}-{C}ompleteness},
	Year = {1979}}

@inproceedings{Zhang10,
	Author = {J. Zhang and Welch, G. and Bishop, G.},
	Booktitle = {North American Power Symposium (NAPS), 2010},
	Date-Added = {2012-12-05 11:14:18 -0500},
	Date-Modified = {2012-12-05 11:14:18 -0500},
	Doi = {10.1109/NAPS.2010.5618970},
	Keywords = {PMU placement alternatives;estimation uncertainty analysis;network observability;network topology;power grid;stochastic models;synchronized phasor measurement unit;phase measurement;power grids;power system measurement;power system state estimation;stochastic processes;},
	Month = sept.,
	Pages = {1 -8},
	Title = {{O}bservability and {E}stimation {U}ncertainty {A}nalysis for {PMU} {P}lacement {A}lternatives},
	Year = {2010},
	Bdsk-Url-1 = {http://dx.doi.org/10.1109/NAPS.2010.5618970}}

@techreport{Xu05,
	Author = {B. Xu and A. Abur},
	Date-Added = {2012-12-05 11:14:18 -0500},
	Date-Modified = {2012-12-05 11:14:18 -0500},
	Journal = {PSERC},
	Month = {October},
	Number = {PSERC Publication 05-58},
	Title = {{O}ptimal {P}lacement of {P}hasor {M}easurement {U}nits for {S}tate {E}stimation},
	Volume = {1},
	Year = {2005}}

@article{Aazami07,
	Author = {A. Aazami and M.D. Stilp},
	Bibsource = {DBLP, http://dblp.uni-trier.de},
	Date-Added = {2012-12-05 11:14:18 -0500},
	Date-Modified = {2012-12-05 11:14:18 -0500},
	Ee = {http://arxiv.org/abs/0710.2139},
	Journal = {CoRR},
	Title = {{A}pproximation {A}lgorithms and {H}ardness for {D}omination with {P}ropagation},
	Volume = {abs/0710.2139},
	Year = {2007}}

@inproceedings{Mili90,
	Author = {Mili, L. and Baldwin, T. and Adapa, R.},
	Booktitle = {Decision and Control, 1990., Proceedings of the 29th IEEE Conference on},
	Date-Added = {2012-12-05 11:14:18 -0500},
	Date-Modified = {2012-12-05 11:14:18 -0500},
	Doi = {10.1109/CDC.1990.203341},
	Keywords = {phasor measurement unit placement;power systems;real-time phasor measurements;secondary voltage control;simulated annealing;voltage stability analysis;power systems;stability;voltage control;},
	Month = dec,
	Pages = {3033 -3038 vol.6},
	Title = {{P}hasor {M}easurement {P}lacement for {V}oltage {S}tability {A}nalysis of {P}ower {S}ystems},
	Year = {1990},
	Bdsk-Url-1 = {http://dx.doi.org/10.1109/CDC.1990.203341}}

@inproceedings{Xu04,
	Author = {B. Xu and A. Abur},
	Booktitle = {Proceedings of 2004 IEEE PES Conference and Exposition, vol.2},
	Date-Added = {2012-12-05 11:14:18 -0500},
	Date-Modified = {2012-12-05 11:14:18 -0500},
	Pages = {943--946},
	Title = {{O}bservability {A}nalysis and {M}easurement {P}lacement for {S}ystems with {PMU}s},
	Year = {2004}}

@article{LaRee10,
	Author = {De La Ree, J. and Centeno, V. and Thorp, J.S. and Phadke, A.G.},
	Date-Added = {2012-12-05 11:14:18 -0500},
	Date-Modified = {2012-12-05 11:14:18 -0500},
	Doi = {10.1109/TSG.2010.2044815},
	Issn = {1949-3053},
	Journal = {Smart Grid, IEEE Transactions on},
	Keywords = {power network control;power network monitoring;power network protection;power systems;power transmission networks;synchronized phasor measurement application;synchrophasor;wide area measurement system technology;phase measurement;power system measurement;transmission networks;},
	Month = june,
	Number = {1},
	Pages = {20 -27},
	Title = {{S}ynchronized {P}hasor {M}easurement {A}pplications in {P}ower {S}ystems},
	Volume = {1},
	Year = {2010},
	Bdsk-Url-1 = {http://dx.doi.org/10.1109/TSG.2010.2044815}}

@article{Baldwin93,
	Author = {Baldwin, T.L. and Mili, L. and Boisen, M.B., Jr. and Adapa, R.},
	Date-Added = {2012-12-05 11:14:18 -0500},
	Date-Modified = {2012-12-05 11:14:18 -0500},
	Doi = {10.1109/59.260810},
	Issn = {0885-8950},
	Journal = {Power Systems, IEEE Transactions on},
	Keywords = {computer simulation results;minimal phasor measurement placement;modified bisecting search;power system observability;pseudomeasurement;simulated-annealing-based method;spanning measurement subgraph;spanning tree;topological observability theory;digital simulation;observability;power system analysis computing;power system control;power system measurement;simulated annealing;},
	Month = may,
	Number = {2},
	Pages = {707 -715},
	Title = {{P}ower {S}ystem {O}bservability with {M}inimal {P}hasor {M}easurement {P}lacement},
	Volume = {8},
	Year = {1993},
	Bdsk-Url-1 = {http://dx.doi.org/10.1109/59.260810}}

@article{Haynes02,
	Acmid = {587927},
	Address = {Philadelphia, PA, USA},
	Author = {Haynes, T. W. and Hedetniemi, S. M. and Hedetniemi, S. T. and Henning, M. A.},
	Date-Added = {2012-12-05 11:14:18 -0500},
	Date-Modified = {2012-12-05 11:14:18 -0500},
	Doi = {10.1137/S0895480100375831},
	Issn = {0895-4801},
	Issue = {4},
	Journal = {SIAM J. Discret. Math.},
	Keywords = {domination, electric power monitoring, power domination},
	Month = {April},
	Numpages = {11},
	Pages = {519--529},
	Publisher = {Society for Industrial and Applied Mathematics},
	Title = {{D}omination in {G}raphs {A}pplied to {E}lectric {P}ower {N}etworks},
	Url = {http://portal.acm.org/citation.cfm?id=587899.587927},
	Volume = {15},
	Year = {2002},
	Bdsk-Url-1 = {http://portal.acm.org/citation.cfm?id=587899.587927},
	Bdsk-Url-2 = {http://dx.doi.org/10.1137/S0895480100375831}}

@article{Dua08,
	Author = {Dua, D. and Dambhare, S. and Gajbhiye, R.K. and Soman, S.A.},
	Date-Added = {2012-12-05 11:14:18 -0500},
	Date-Modified = {2012-12-05 11:14:18 -0500},
	Doi = {10.1109/TPWRD.2008.919046},
	Issn = {0885-8977},
	Journal = {Power Delivery, IEEE Transactions on},
	Keywords = {IEEE 118 bus system;PMU placement;bus observability index;integer linear programming;intrinsic nonlinearity;optimal multistage scheduling;phasor measurement unit;system observability redundancy index;zero injection constraints;integer programming;linear programming;phase measurement;power system measurement;},
	Month = oct.,
	Number = {4},
	Pages = {1812 -1820},
	Title = {{O}ptimal {M}ultistage {S}cheduling of {PMU} {P}lacement: {A}n {ILP} {A}pproach},
	Volume = {23},
	Year = {2008},
	Bdsk-Url-1 = {http://dx.doi.org/10.1109/TPWRD.2008.919046}}

@article{Vanfretti10,
	Author = {Vanfretti, L. and Chow, J. H. and Sarawgi, S. and Fardanesh, B. (B.).},
	Date-Added = {2012-12-05 11:14:18 -0500},
	Date-Modified = {2012-12-05 11:14:18 -0500},
	Doi = {10.1109/TPWRS.2010.2047031},
	Issn = {0885-8950},
	Journal = {Power Systems, IEEE Transactions on},
	Month = {Feb},
	Number = {1},
	Pages = {111-119},
	Title = {A {P}hasor-{D}ata-{B}ased {St}ate {E}stimator {I}ncorporating {P}hase {B}ias {C}orrection},
	Volume = {26},
	Year = {2011},
	Bdsk-Url-1 = {http://dx.doi.org/10.1109/TPWRS.2010.2047031}}

@article{Brueni05,
	Author = {D. J. Brueni and L. S. Heath},
	Date-Added = {2012-12-05 11:14:18 -0500},
	Date-Modified = {2012-12-05 11:14:18 -0500},
	Doi = {10.1137/S0895480103432556},
	Journal = {SIAM Journal on Discrete Mathematics},
	Keywords = {phasor measurement unit; power system graph observability; domination; electric power monitoring; NP-completeness},
	Number = {3},
	Pages = {744-761},
	Publisher = {SIAM},
	Title = {The {PMU} {P}lacement {P}roblem},
	Url = {http://link.aip.org/link/?SJD/19/744/1},
	Volume = {19},
	Year = {2005},
	Bdsk-Url-1 = {http://link.aip.org/link/?SJD/19/744/1},
	Bdsk-Url-2 = {http://dx.doi.org/10.1137/S0895480103432556}}

@article{Abur06,
	Author = {J. Chen and Abur, A.},
	Date-Added = {2012-12-05 11:14:18 -0500},
	Date-Modified = {2012-12-05 11:14:18 -0500},
	Doi = {10.1109/TPWRS.2006.881149},
	Issn = {0885-8950},
	Journal = {Power Systems, IEEE Transactions on},
	Keywords = {bad data detection;phasor measurement unit placement;power system application functions;state estimation;substations;phase measurement;power system measurement;power system state estimation;substations;},
	Month = nov.,
	Number = {4},
	Pages = {1608 -1615},
	Title = {{P}lacement of {PMU}s to {E}nable {B}ad {D}ata {D}etection in {S}tate {E}stimation},
	Volume = {21},
	Year = {2006},
	Bdsk-Url-1 = {http://dx.doi.org/10.1109/TPWRS.2006.881149}}

@conference{Johnson84b,
	Address = {Honolulu, HI},
	Author = {Johnson, M.J.},
	Date-Added = {2012-12-05 11:09:01 -0500},
	Date-Modified = {2014-02-24 12:32:27 -0500},
	Journal = {Proceeding of the Seventeenth Hawaii International Conference on System Sciences},
	Pages = {96-102},
	Title = {Analysis of Routing Table Update Acitivity After Resource Recovery In a Distributed Computer Network},
	Year = {1984},
	Bdsk-File-1 = {YnBsaXN0MDDUAQIDBAUGJCVYJHZlcnNpb25YJG9iamVjdHNZJGFyY2hpdmVyVCR0b3ASAAGGoKgHCBMUFRYaIVUkbnVsbNMJCgsMDRBWJGNsYXNzV05TLmtleXNaTlMub2JqZWN0c4AHog4PgAKAA6IREoAEgAVccmVsYXRpdmVQYXRoWWFsaWFzRGF0YV8QMC4uLy4uLy4uLy4uL0Ryb3Bib3gvaW5qZWN0L3RlY2hyZXBvcnQtaW5qZWN0LmJpYtIJFxgZV05TLmRhdGGABk8RAYoAAAAAAYoAAgAABktlZW5hbgAAAAAAAAAAAAAAAAAAAAAAAAAAAMVkJexIKwAAAXr6MBV0ZWNocmVwb3J0LWluamVjdC5iaWIAAAAAAAAAAAAAAAAAAAAAAAAAAAAAAAAAAAAAAAAAAAAAAAAAAAAAAAABqX+tyyvEhwAAAAAAAAAAAAQAAwAACSAAAAAAAAAAAAAAAAAAAAAGaW5qZWN0ABAACAAAxWRsPAAAABEACAAAyywK1wAAAAEAEAF6+jABEq5QABaJYAAAfDIAAgA1S2VlbmFuOlVzZXJzOmRwZzpEcm9wYm94OmluamVjdDp0ZWNocmVwb3J0LWluamVjdC5iaWIAAA4ALAAVAHQAZQBjAGgAcgBlAHAAbwByAHQALQBpAG4AagBlAGMAdAAuAGIAaQBiAA8ADgAGAEsAZQBlAG4AYQBuABIALlVzZXJzL2RwZy9Ecm9wYm94L2luamVjdC90ZWNocmVwb3J0LWluamVjdC5iaWIAEwABLwAAFQACAAr//wAA0hscHR5aJGNsYXNzbmFtZVgkY2xhc3Nlc11OU011dGFibGVEYXRhox0fIFZOU0RhdGFYTlNPYmplY3TSGxwiI1xOU0RpY3Rpb25hcnmiIiBfEA9OU0tleWVkQXJjaGl2ZXLRJidUcm9vdIABAAgAEQAaACMALQAyADcAQABGAE0AVABcAGcAaQBsAG4AcABzAHUAdwCEAI4AwQDGAM4A0AJeAmMCbgJ3AoUCiQKQApkCngKrAq4CwALDAsgAAAAAAAACAQAAAAAAAAAoAAAAAAAAAAAAAAAAAAACyg==}}

@article{Johnson84,
	Author = {Johnson, M.J.},
	Date-Added = {2012-12-05 11:09:01 -0500},
	Date-Modified = {2014-02-24 12:32:08 -0500},
	Journal = {Networks},
	Pages = {379-391},
	Read = {1},
	Title = {Updating Routing Tables After Resource Failure in a Distributed Computer Network},
	Volume = {14},
	Year = {1984}}

@techreport{Shaikh02,
	Author = {A. Shaikh and R. Dube and A. Varma},
	Date-Added = {2012-12-05 11:09:01 -0500},
	Date-Modified = {2012-12-05 11:09:01 -0500},
	Institution = {In Proc. IEEE INFOCOM},
	Title = {{A}voiding {I}nstability {D}uring {G}raceful {S}hutdown of {O}{S}{P}{F}},
	Year = {2002}}

@inproceedings{Moy01,
	Author = {J. Moy},
	Booktitle = {Work in progress, Internet Draft},
	Date-Added = {2012-12-05 11:09:01 -0500},
	Date-Modified = {2012-12-05 11:09:01 -0500},
	Title = {{H}itless {O}{S}{P}{F} {R}estart},
	Year = {2001}}

@inproceedings{Sead,
	Author = {YC Hu and Johnson, D.B. and Perrig, A.},
	Booktitle = {Mobile Computing Systems and Applications, 2002. Proceedings Fourth IEEE Workshop on},
	Date-Added = {2012-12-05 11:09:01 -0500},
	Date-Modified = {2012-12-05 11:09:01 -0500},
	Doi = {10.1109/MCSA.2002.1017480},
	Keywords = {cryptography, mobile computing, protocols, telecommunication network routing, telecommunication security, wireless LAN CPU processing, Destination-Sequenced Distance-Vector routing protocol, SEAD, Secure Efficient Ad hoc Distance vector routing protocol, ad hoc network routing protocols, denial-of-service attacks, mobile wireless ad hoc networks, multihop paths, one-way hash functions, wireless computers},
	Pages = {3-13},
	Title = {{S}{E}{A}{D}: {S}ecure {E}fficient {D}istance {V}ector {R}outing for {M}obile {W}ireless {A}d {H}oc {N}etworks},
	Year = {2002},
	Bdsk-Url-1 = {http://dx.doi.org/10.1109/MCSA.2002.1017480}}

@inproceedings{Hub01,
	Address = {New York, NY, USA},
	Author = {Hubaux, J. and Butty\'{a}n, L. and Capkun, S.},
	Booktitle = {MobiHoc '01: Proceedings of the 2nd ACM international symposium on Mobile ad hoc networking \& computing},
	Date-Added = {2012-12-05 11:09:01 -0500},
	Date-Modified = {2012-12-05 11:09:01 -0500},
	Isbn = {1-58113-428-2},
	Location = {Long Beach, CA, USA},
	Pages = {146--155},
	Publisher = {ACM},
	Title = {The {Q}uest for {S}ecurity in {M}obile {A}d {H}oc {N}etworks},
	Year = {2001}}

@inproceedings{Pei03,
	Author = {Pei, D. and Massey, D. and Zhang, L.},
	Booktitle = {Global Telecommunications Conference, 2003. GLOBECOM '03. IEEE},
	Date-Added = {2012-12-05 11:09:01 -0500},
	Date-Modified = {2012-12-05 11:09:01 -0500},
	Doi = {10.1109/GLOCOM.2003.1258478},
	Keywords = {Internet, cryptography, routing protocols, telecommunication security, telecommunication traffic RIP, authentication, cryptography, hardware faults, malicious attack, operator misconfigurations, router carry valid information, routing information protocol, routing protocol, software implementation bugs, triangle theorem checking probing},
	Month = {Dec.},
	Pages = {1450-1455 vol.3},
	Title = {{D}etection of {I}nvalid {R}outing {A}nnouncements in {R}{I}{P} {P}rotocol},
	Volume = {3},
	Year = {2003},
	Bdsk-Url-1 = {http://dx.doi.org/10.1109/GLOCOM.2003.1258478}}

@article{Pad03,
	Address = {New York, NY, USA},
	Author = {Padmanabhan, V. and Simon, D.},
	Date-Added = {2012-12-05 11:09:01 -0500},
	Date-Modified = {2012-12-05 11:09:01 -0500},
	Doi = {http://doi.acm.org/10.1145/774763.774775},
	Issn = {0146-4833},
	Journal = {SIGCOMM Comput. Commun. Rev.},
	Number = {1},
	Pages = {77--82},
	Publisher = {ACM},
	Title = {{S}ecure {T}raceroute to {D}etect {F}aulty or {M}alicious {R}outing},
	Volume = {33},
	Year = {2003},
	Bdsk-Url-1 = {http://doi.acm.org/10.1145/774763.774775}}

@article{JJ93,
	Address = {Piscataway, NJ, USA},
	Author = {Garcia-Lunes-Aceves, J. J.},
	Date-Added = {2012-12-05 11:09:01 -0500},
	Date-Modified = {2012-12-05 11:09:01 -0500},
	Doi = {http://dx.doi.org/10.1109/90.222913},
	Issn = {1063-6692},
	Journal = {IEEE/ACM Trans. Netw.},
	Number = {1},
	Pages = {130--141},
	Publisher = {IEEE Press},
	Title = {{L}oop-free {R}outing using {D}iffusing {C}omputations},
	Volume = {1},
	Year = {1993},
	Bdsk-Url-1 = {http://dx.doi.org/10.1109/90.222913}}

@article{Smith97,
	Address = {Los Alamitos, CA, USA},
	Author = {B. Smith and S. Murthy and J.J. Garcia-Luna-Aceves},
	Date-Added = {2012-12-05 11:09:01 -0500},
	Date-Modified = {2012-12-05 11:09:01 -0500},
	Doi = {http://doi.ieeecomputersociety.org/10.1109/NDSS.1997.579225},
	Isbn = {0-8186-7767-8},
	Journal = {Network and Distributed System Security, Symposium on},
	Pages = {85},
	Publisher = {IEEE Computer Society},
	Title = {{S}ecuring {D}istance-Vector {R}outing {P}rotocols},
	Volume = {0},
	Year = {1997},
	Bdsk-Url-1 = {http://doi.ieeecomputersociety.org/10.1109/NDSS.1997.579225}}

@article{Pei04,
	Author = {D. Pei and L. Zhang and Massey, D.},
	Date-Added = {2012-12-05 11:09:01 -0500},
	Date-Modified = {2012-12-05 11:09:01 -0500},
	Doi = {10.1109/MNET.2004.1276605},
	Issn = {0890-8044},
	Journal = {Network, IEEE},
	Keywords = {Internet, computer network reliability, cryptography, routing protocols, statistical analysis, telecommunication security Internet routing protocols, cryptographic protection mechanism, dependability, multifence defense system, protocol semantics checking, protocol syntax checking, resilient protocols, routing infrastructure, statistical anomaly detection, threat model},
	Month = {Mar-Apr},
	Number = {2},
	Pages = {5-12},
	Title = {A {F}ramework for {R}esilient {I}nternet {R}outing {P}rotocols},
	Volume = {18},
	Year = {2004},
	Bdsk-Url-1 = {http://dx.doi.org/10.1109/MNET.2004.1276605}}

@inproceedings{Vishal02,
	Address = {New York, NY, USA},
	Author = {Mittal, V. and Vigna, G.},
	Booktitle = {CCS '02: Proceedings of the 9th ACM Conf on Comp. and Communications Security},
	Date-Added = {2012-12-05 11:09:01 -0500},
	Date-Modified = {2012-12-05 11:09:01 -0500},
	Doi = {http://doi.acm.org/10.1145/586110.586129},
	Isbn = {1-58113-612-9},
	Location = {Washington, DC, USA},
	Pages = {127--137},
	Publisher = {ACM},
	Title = {{S}ensor-{B}ased {I}ntrusion {D}etection for {I}ntra-domain {D}istance-vector {R}outing},
	Year = {2002},
	Bdsk-Url-1 = {http://doi.acm.org/10.1145/586110.586129}}

@article{Dijkstra80,
	Author = {E. Dijkstra and C. Scholten},
	Date-Added = {2012-12-05 11:09:01 -0500},
	Date-Modified = {2012-12-05 11:09:01 -0500},
	Journal = {Information Processing Letters},
	Number = {11},
	Title = {{T}ermination {D}etection for {D}iffusing {C}omputations},
	Year = {1980}}

@inproceedings{Arini,
	Address = {New York, NY, USA},
	Author = {K. El-Arini and K. Killourhy},
	Booktitle = {MineNet '05: Proceedings of the 2005 ACM SIGCOMM workshop on Mining network data},
	Date-Added = {2012-12-05 11:09:01 -0500},
	Date-Modified = {2012-12-05 11:09:01 -0500},
	Doi = {http://doi.acm.org/10.1145/1080173.1080190},
	Isbn = {1-59593-026-4},
	Location = {Philadelphia, Pennsylvania, USA},
	Pages = {221--222},
	Publisher = {ACM},
	Title = {{B}ayesian {D}etection of {R}outer {C}onfiguration {A}nomalies},
	Year = {2005},
	Bdsk-Url-1 = {http://doi.acm.org/10.1145/1080173.1080190}}

@article{Feldmann,
	Author = {A. Feldmann and J. Rexford},
	Date-Added = {2012-12-05 11:09:01 -0500},
	Date-Modified = {2012-12-05 11:09:01 -0500},
	Journal = {IEEE Network Magazine},
	Pages = {46--57},
	Title = {{IP} {N}etwork {C}0onfiguration for {I}ntradomain {T}raffic {E}ngineering},
	Volume = {15},
	Year = {2001}}

@book{Gall87,
	Address = {Upper Saddle River, NJ, USA},
	Author = {D. Bertsekas and R. Gallager},
	Date-Added = {2012-12-05 11:09:01 -0500},
	Date-Modified = {2012-12-05 11:09:01 -0500},
	Isbn = {0-13-196825-4},
	Publisher = {Prentice-Hall, Inc.},
	Title = {{D}ata {N}etworks},
	Year = {1987}}

@article{Elno,
	Address = {New York, NY, USA},
	Author = {E. N. Elnozahy and L. Alvisi and Y. Wang and D. Johnson},
	Date-Added = {2012-12-05 11:09:01 -0500},
	Date-Modified = {2012-12-05 11:09:01 -0500},
	Doi = {http://doi.acm.org/10.1145/568522.568525},
	Issn = {0360-0300},
	Journal = {ACM Comput. Surv.},
	Number = {3},
	Pages = {375--408},
	Publisher = {ACM},
	Title = {{A} {S}urvey of {R}ollback-{R}ecovery {P}rotocols in {M}essage-{P}assing {S}ystems},
	Volume = {34},
	Year = {2002},
	Bdsk-Url-1 = {http://doi.acm.org/10.1145/568522.568525}}

@article{FranK97,
	Author = {M. Franklin},
	Date-Added = {2012-12-05 11:09:01 -0500},
	Date-Modified = {2012-12-05 11:09:01 -0500},
	Journal = {In A. B. TUCKER Ed., The Computer Science and Engineering Handbook},
	Pages = {1058--1077},
	Title = {Concurrency control and recovery},
	Year = {1997}}

@article{Jeff,
	Address = {New York, NY, USA},
	Author = {D. Jefferson},
	Date-Added = {2012-12-05 11:09:01 -0500},
	Date-Modified = {2012-12-05 11:09:01 -0500},
	Doi = {http://doi.acm.org/10.1145/3916.3988},
	Issn = {0164-0925},
	Journal = {ACM Trans. Program. Lang. Syst.},
	Number = {3},
	Pages = {404--425},
	Publisher = {ACM},
	Title = {{V}irtual {T}ime},
	Volume = {7},
	Year = {1985},
	Bdsk-Url-1 = {http://doi.acm.org/10.1145/3916.3988}}

@article{Newman03,
	Author = {M. Newman},
	Date-Added = {2012-12-05 11:09:01 -0500},
	Date-Modified = {2012-12-05 11:09:01 -0500},
	Journal = {SIAM Review},
	Pages = {167},
	Title = {The structure and function of complex networks},
	Url = {http://www.citebase.org/abstract?id=oai:arXiv.org:cond-mat/0303516},
	Volume = {45},
	Year = {2003},
	Bdsk-File-1 = {YnBsaXN0MDDUAQIDBAUGJCVYJHZlcnNpb25YJG9iamVjdHNZJGFyY2hpdmVyVCR0b3ASAAGGoKgHCBMUFRYaIVUkbnVsbNMJCgsMDRBWJGNsYXNzV05TLmtleXNaTlMub2JqZWN0c4AHog4PgAKAA6IREoAEgAVccmVsYXRpdmVQYXRoWWFsaWFzRGF0YV8QMC4uLy4uLy4uLy4uL0Ryb3Bib3gvaW5qZWN0L3RlY2hyZXBvcnQtaW5qZWN0LmJpYtIJFxgZV05TLmRhdGGABk8RAYoAAAAAAYoAAgAABktlZW5hbgAAAAAAAAAAAAAAAAAAAAAAAAAAAMVkJexIKwAAAXr6MBV0ZWNocmVwb3J0LWluamVjdC5iaWIAAAAAAAAAAAAAAAAAAAAAAAAAAAAAAAAAAAAAAAAAAAAAAAAAAAAAAAABqX+tyyvEhwAAAAAAAAAAAAQAAwAACSAAAAAAAAAAAAAAAAAAAAAGaW5qZWN0ABAACAAAxWRsPAAAABEACAAAyywK1wAAAAEAEAF6+jABEq5QABaJYAAAfDIAAgA1S2VlbmFuOlVzZXJzOmRwZzpEcm9wYm94OmluamVjdDp0ZWNocmVwb3J0LWluamVjdC5iaWIAAA4ALAAVAHQAZQBjAGgAcgBlAHAAbwByAHQALQBpAG4AagBlAGMAdAAuAGIAaQBiAA8ADgAGAEsAZQBlAG4AYQBuABIALlVzZXJzL2RwZy9Ecm9wYm94L2luamVjdC90ZWNocmVwb3J0LWluamVjdC5iaWIAEwABLwAAFQACAAr//wAA0hscHR5aJGNsYXNzbmFtZVgkY2xhc3Nlc11OU011dGFibGVEYXRhox0fIFZOU0RhdGFYTlNPYmplY3TSGxwiI1xOU0RpY3Rpb25hcnmiIiBfEA9OU0tleWVkQXJjaGl2ZXLRJidUcm9vdIABAAgAEQAaACMALQAyADcAQABGAE0AVABcAGcAaQBsAG4AcABzAHUAdwCEAI4AwQDGAM4A0AJeAmMCbgJ3AoUCiQKQApkCngKrAq4CwALDAsgAAAAAAAACAQAAAAAAAAAoAAAAAAAAAAAAAAAAAAACyg==},
	Bdsk-Url-1 = {http://www.citebase.org/abstract?id=oai:arXiv.org:cond-mat/0303516}}

@article{Jensen91,
	Address = {Piscataway, NJ, USA},
	Author = {C. Jensen and L. Mark and N. Roussopoulos},
	Date-Added = {2012-12-05 11:09:01 -0500},
	Date-Modified = {2012-12-05 11:09:01 -0500},
	Doi = {http://dx.doi.org/10.1109/69.109107},
	Issn = {1041-4347},
	Journal = {IEEE Trans. on Knowl. and Data Eng.},
	Number = {4},
	Pages = {461--473},
	Publisher = {IEEE Educational Activities Department},
	Title = {{I}ncremental {I}mplementation {M}odel for {R}elational {D}atabases with {T}ransaction {T}ime},
	Volume = {3},
	Year = {1991},
	Bdsk-Url-1 = {http://dx.doi.org/10.1109/69.109107}}

@inproceedings{Lomet06,
	Address = {Washington, DC, USA},
	Author = {D. Lomet and R. Barga and M. Mokbel and G. Shegalov},
	Booktitle = {ICDE '06: Proceedings of the 22nd International Conference on Data Engineering},
	Date-Added = {2012-12-05 11:09:01 -0500},
	Date-Modified = {2012-12-05 11:09:01 -0500},
	Doi = {http://dx.doi.org/10.1109/ICDE.2006.162},
	Isbn = {0-7695-2570-9},
	Pages = {35},
	Publisher = {IEEE Computer Society},
	Title = {{T}ransaction {T}ime {S}upport {I}nside a {D}atabase {E}ngine},
	Year = {2006},
	Bdsk-Url-1 = {http://dx.doi.org/10.1109/ICDE.2006.162}}

@inproceedings{Paul02,
	Author = {K. School and D. Westhoff},
	Booktitle = {Proc. of IEEE GLOBECOM},
	Date-Added = {2012-12-05 11:09:01 -0500},
	Date-Modified = {2012-12-05 11:09:01 -0500},
	Pages = {178--182},
	Title = {{C}ontext {A}ware {D}etection of {S}elfish {N}odes in {DSR} based {A}d-hoc {N}etworks},
	Year = {2002}}

@book{RamaGeh,
	Author = {R. Ramakrishnan and J. Gehrke},
	Date-Added = {2012-12-05 11:09:01 -0500},
	Date-Modified = {2012-12-05 11:09:01 -0500},
	Isbn = {0072465638},
	Publisher = {McGraw-Hill Science/Engineering/Math},
	Title = {Database Management Systems},
	Year = {2002}}

@article{Mohan92,
	Address = {New York, NY, USA},
	Author = {C. Mohan and D. Haderle and B. Lindsay and H. Pirahesh and P. Schwarz},
	Date-Added = {2012-12-05 11:09:01 -0500},
	Date-Modified = {2012-12-05 11:09:01 -0500},
	Doi = {http://doi.acm.org/10.1145/128765.128770},
	Issn = {0362-5915},
	Journal = {ACM Trans. Database Syst.},
	Number = {1},
	Pages = {94--162},
	Publisher = {ACM},
	Title = {{ARIES}: {A} {T}ransaction {R}ecovery {M}ethod {S}upporting {F}ine-{G}ranularity {L}ocking and {P}artial {R}ollbacks {U}sing {W}rite-{A}head {L}ogging},
	Volume = {17},
	Year = {1992},
	Bdsk-Url-1 = {http://doi.acm.org/10.1145/128765.128770}}

@inproceedings{Feam,
	Address = {Boston, MA},
	Author = {N. Feamster and H. Balakrishnan},
	Booktitle = {2nd Symp. on Networked Systems Design and Implementation (NSDI)},
	Date-Added = {2012-12-05 11:09:01 -0500},
	Date-Modified = {2012-12-05 11:09:01 -0500},
	Month = {May},
	Title = {{Detecting {BGP} {C}onfiguration {F}aults with {S}tatic {A}nalysis}},
	Year = {2005}}

@article{Liu00,
	Author = {P. Liu and P. Ammann and S. Jajodia},
	Date-Added = {2012-12-05 11:09:01 -0500},
	Date-Modified = {2012-12-05 11:09:01 -0500},
	Journal = {Distributed and Parallel Databases},
	Number = {1},
	Pages = {7-40},
	Title = {{R}ewriting {H}istories: {R}ecovering from {M}alicious {T}ransactions},
	Url = {citeseer.ist.psu.edu/liu99rewriting.html},
	Volume = {8},
	Year = {2000},
	Bdsk-Url-1 = {citeseer.ist.psu.edu/liu99rewriting.html}}

@article{Liu98,
	Address = {Piscataway, NJ, USA},
	Author = {P. Ammann and S. Jajodia and Peng Liu},
	Date-Added = {2012-12-05 11:09:01 -0500},
	Date-Modified = {2012-12-05 11:09:01 -0500},
	Doi = {http://dx.doi.org/10.1109/TKDE.2002.1033782},
	Issn = {1041-4347},
	Journal = {IEEE Trans. on Knowl. and Data Eng.},
	Number = {5},
	Pages = {1167--1185},
	Publisher = {IEEE Educational Activities Department},
	Title = {{R}ecovery from {M}alicious {T}ransactions},
	Volume = {14},
	Year = {2002},
	Bdsk-Url-1 = {http://dx.doi.org/10.1109/TKDE.2002.1033782}}

@article{Lin97asurvey,
	Author = {J. Lin and M. Dunham},
	Date-Added = {2012-12-05 11:09:01 -0500},
	Date-Modified = {2012-12-05 11:09:01 -0500},
	Journal = {Distributed and Parallel Databases},
	Pages = {31--9},
	Title = {A survey of distributed database checkpointing},
	Volume = {5},
	Year = {1997}}

@inproceedings{Heckmann,
	Address = {New York, NY, USA},
	Author = {O. Heckmann and M. Piringer and J. Schmitt and R. Steinmetz},
	Booktitle = {MoMeTools '03: Proceedings of the ACM SIGCOMM workshop on Models, methods and tools for reproducible network research},
	Date-Added = {2012-12-05 11:09:01 -0500},
	Date-Modified = {2012-12-05 11:09:01 -0500},
	Doi = {http://doi.acm.org/10.1145/944773.944779},
	Isbn = {1-58113-748-8},
	Location = {Karlsruhe, Germany},
	Pages = {28--32},
	Publisher = {ACM},
	Title = {On {R}ealistic {N}etwork {T}opologies for {S}imulation},
	Year = {2003},
	Bdsk-Url-1 = {http://doi.acm.org/10.1145/944773.944779}}

@misc{2003Blackout,
	Annote = {\url{http://en.wikipedia.org/wiki/Northeast_blackout_of_2003}

\url{http://www.cc.gatech.edu/projects/gtitm/test_under}},
	Date-Added = {2012-12-05 11:09:01 -0500},
	Date-Modified = {2013-01-02 13:36:23 -0500},
	Note = {\url{http://en.wikipedia.org/wiki/Northeast_blackout_of_2003}},
	Title = {Northeast Blackout of 2003}}

@misc{Rocketfuel,
	Date-Added = {2012-12-05 11:09:01 -0500},
	Date-Modified = {2012-12-27 14:09:51 -0500},
	Note = {\url{http://www.cs.washington.edu/research/networking/rocketfuel/ maps/weights/weights-dist.tar.gz}},
	Title = {Rocketfuel}}

@misc{Google,
	Date-Added = {2012-12-05 11:09:01 -0500},
	Date-Modified = {2012-12-27 14:08:09 -0500},
	Note = {\url{http://www.computerweekly.com/Articles/2009/05/15/236060/google-embarrassed-and-apologetic-after-crash.htm}},
	Title = {{G}oogle {E}mbarrassed and {A}pologetic {A}fter {C}rash}}

@article{Neumann97,
	Author = {R. Neumnann},
	Date-Added = {2012-12-05 11:09:01 -0500},
	Date-Modified = {2012-12-05 11:09:01 -0500},
	Journal = {The Risks Digest: Forum on Risks to the Public in Computers and Related Systems},
	Month = {May},
	Number = {12},
	Title = {Internet Routing Black Hole},
	Volume = {19},
	Year = {1997},
	Bdsk-File-1 = {YnBsaXN0MDDUAQIDBAUGJCVYJHZlcnNpb25YJG9iamVjdHNZJGFyY2hpdmVyVCR0b3ASAAGGoKgHCBMUFRYaIVUkbnVsbNMJCgsMDRBWJGNsYXNzV05TLmtleXNaTlMub2JqZWN0c4AHog4PgAKAA6IREoAEgAVccmVsYXRpdmVQYXRoWWFsaWFzRGF0YV8QMC4uLy4uLy4uLy4uL0Ryb3Bib3gvaW5qZWN0L3RlY2hyZXBvcnQtaW5qZWN0LmJpYtIJFxgZV05TLmRhdGGABk8RAYoAAAAAAYoAAgAABktlZW5hbgAAAAAAAAAAAAAAAAAAAAAAAAAAAMVkJexIKwAAAXr6MBV0ZWNocmVwb3J0LWluamVjdC5iaWIAAAAAAAAAAAAAAAAAAAAAAAAAAAAAAAAAAAAAAAAAAAAAAAAAAAAAAAABqX+tyyvEhwAAAAAAAAAAAAQAAwAACSAAAAAAAAAAAAAAAAAAAAAGaW5qZWN0ABAACAAAxWRsPAAAABEACAAAyywK1wAAAAEAEAF6+jABEq5QABaJYAAAfDIAAgA1S2VlbmFuOlVzZXJzOmRwZzpEcm9wYm94OmluamVjdDp0ZWNocmVwb3J0LWluamVjdC5iaWIAAA4ALAAVAHQAZQBjAGgAcgBlAHAAbwByAHQALQBpAG4AagBlAGMAdAAuAGIAaQBiAA8ADgAGAEsAZQBlAG4AYQBuABIALlVzZXJzL2RwZy9Ecm9wYm94L2luamVjdC90ZWNocmVwb3J0LWluamVjdC5iaWIAEwABLwAAFQACAAr//wAA0hscHR5aJGNsYXNzbmFtZVgkY2xhc3Nlc11OU011dGFibGVEYXRhox0fIFZOU0RhdGFYTlNPYmplY3TSGxwiI1xOU0RpY3Rpb25hcnmiIiBfEA9OU0tleWVkQXJjaGl2ZXLRJidUcm9vdIABAAgAEQAaACMALQAyADcAQABGAE0AVABcAGcAaQBsAG4AcABzAHUAdwCEAI4AwQDGAM4A0AJeAmMCbgJ3AoUCiQKQApkCngKrAq4CwALDAsgAAAAAAAACAQAAAAAAAAAoAAAAAAAAAAAAAAAAAAACyg==}}

@techreport{thomasgeneration,
	Author = {M. Thomas and E. Zegura},
	Date-Added = {2012-12-05 11:09:01 -0500},
	Date-Modified = {2012-12-05 11:09:01 -0500},
	Number = {GIT-CC-94-46},
	Title = {Generation and Analysis of Random Graphs to Model Internetworks},
	Url = {citeseer.ist.psu.edu/thomas94generation.html},
	Bdsk-Url-1 = {citeseer.ist.psu.edu/thomas94generation.html}}

@techreport{TechRollback10,
	Author = {D. Gyllstrom and S. Vasudevan and J. Kurose and G. Miklau},
	Date-Added = {2012-12-05 11:09:01 -0500},
	Date-Modified = {2012-12-27 13:58:25 -0500},
	Institution = {University of Massachusetts Amherst},
	Number = {UM-CS-2010-017},
	Title = {Recovery from {F}alse {S}tate in {D}istributed {R}outing {A}lgorithms},
	Year = {2010}}

@techreport{RIPv1,
	Author = {C. Hendrick},
	Date-Added = {2012-12-05 11:09:01 -0500},
	Date-Modified = {2012-12-05 11:09:01 -0500},
	Institution = {{IETF}},
	Month = {June},
	Number = {1058},
	Ps = {RIPv1.txt},
	Title = {Routing Information Protocol},
	Type = {{RFC}},
	Year = 1988}

@article{Birman05,
	Author = {Birman, K.P. and Chen, J. and Hopkinson, E.M. and Thomas, R.J. and Thorp, J.S. and Van Renesse, R. and Vogels, W.},
	Date-Added = {2012-12-04 18:30:18 -0500},
	Date-Modified = {2012-12-05 11:07:56 -0500},
	Journal = {Proceedings of the IEEE},
	Number = {5},
	Pages = {1028--1041},
	Publisher = {IEEE},
	Title = {Overcoming communications challenges in software for monitoring and controlling power systems},
	Volume = {93},
	Year = {2005}}

@inproceedings{Naspi10,
	Author = {Bobba, R. and Heine, E. and Khurana, H. and Yardley, T.},
	Booktitle = {Innovative Smart Grid Technologies (ISGT), 2010},
	Date-Added = {2012-12-04 18:20:46 -0500},
	Date-Modified = {2012-12-04 18:21:22 -0500},
	Organization = {IEEE},
	Pages = {1--8},
	Title = {Exploring a tiered architecture for {N}{A}{S}{P}{I}net},
	Year = {2010}}

@article{Openflow08,
	Author = {Nick McKeown and Tom Anderson and Hari Balakrishnan and Guru M. Parulkar and Larry L. Peterson and Jennifer Rexford and Scott Shenker and Jonathan S. Turner},
	Bibsource = {DBLP, http://dblp.uni-trier.de},
	Date-Added = {2012-11-29 17:42:10 -0500},
	Date-Modified = {2012-11-29 17:42:28 -0500},
	Ee = {http://doi.acm.org/10.1145/1355734.1355746},
	Journal = {Computer Communication Review},
	Number = {2},
	Pages = {69-74},
	Title = {OpenFlow: enabling innovation in campus networks},
	Volume = {38},
	Year = {2008}}

@article{Hopkinson09,
	Author = {Hopkinson, K. and Roberts, G. and Wang, X. and Thorp, J.},
	Date-Added = {2012-11-11 09:15:51 -0500},
	Date-Modified = {2012-11-11 09:16:08 -0500},
	Journal = {Power Delivery, IEEE Transactions on},
	Number = {3},
	Pages = {1465--1474},
	Publisher = {IEEE},
	Title = {Quality-of-service considerations in utility communication networks},
	Volume = {24},
	Year = {2009}}

@article{Barford04,
	Author = {Barford, P. and Sommers, J.},
	Date-Added = {2012-11-10 22:27:46 -0500},
	Date-Modified = {2012-11-10 22:30:15 -0500},
	Journal = {Internet Computing, IEEE},
	Number = {5},
	Pages = {50--56},
	Publisher = {IEEE},
	Title = {Comparing probe-and router-based packet-loss measurement},
	Volume = {8},
	Year = {2004}}

@article{Cui04,
	Author = {Cui, J.H. and Faloutsos, M. and Gerla, M.},
	Date-Added = {2012-11-10 22:27:46 -0500},
	Date-Modified = {2012-11-10 22:29:43 -0500},
	Journal = {Network, IEEE},
	Number = {2},
	Pages = {26--34},
	Publisher = {IEEE},
	Title = {An architecture for scalable, efficient, and fast fault-tolerant multicast provisioning},
	Volume = {18},
	Year = {2004},
	Bdsk-File-1 = {YnBsaXN0MDDUAQIDBAUGJCVYJHZlcnNpb25YJG9iamVjdHNZJGFyY2hpdmVyVCR0b3ASAAGGoKgHCBMUFRYaIVUkbnVsbNMJCgsMDRBWJGNsYXNzV05TLmtleXNaTlMub2JqZWN0c4AHog4PgAKAA6IREoAEgAVccmVsYXRpdmVQYXRoWWFsaWFzRGF0YV8QVy4uLy4uL3Jlc2VhcmNoL3NkbittdWx0aWNhc3Qvb2xkLWRvY3MvdGhlc2lzLXByb3Bvc2FsLXJlbGlhYmxlLW1jYXN0L3RtcC9vcGVuZmxvdzA4LnR4dNIJFxgZV05TLmRhdGGABk8RAggAAAAAAggAAgAABktlZW5hbgAAAAAAAAAAAAAAAAAAAAAAAAAAAMVkJexIKwAAAoC2Rw5vcGVuZmxvdzA4LnR4dAAAAAAAAAAAAAAAAAAAAAAAAAAAAAAAAAAAAAAAAAAAAAAAAAAAAAAAAAAAAAAAAAAChAgBzMSDvgAAAAAAAAAAAAIABgAACSAAAAAAAAAAAAAAAAAAAAADdG1wAAAQAAgAAMVkbDwAAAARAAgAAMzEyg4AAAABACQCgLZHAoC2GQIaThIBdBSrABf9CQAX+YYAFol3ABaJYAAAfDIAAgByS2VlbmFuOlVzZXJzOmRwZzpEb2N1bWVudHM6dW1hc3M6cmVzZWFyY2g6c2RuK211bHRpY2FzdDpvbGQtZG9jczp0aGVzaXMtcHJvcG9zYWwtcmVsaWFibGUtbWNhc3Q6dG1wOm9wZW5mbG93MDgudHh0AA4AHgAOAG8AcABlAG4AZgBsAG8AdwAwADgALgB0AHgAdAAPAA4ABgBLAGUAZQBuAGEAbgASAGtVc2Vycy9kcGcvRG9jdW1lbnRzL3VtYXNzL3Jlc2VhcmNoL3NkbittdWx0aWNhc3Qvb2xkLWRvY3MvdGhlc2lzLXByb3Bvc2FsLXJlbGlhYmxlLW1jYXN0L3RtcC9vcGVuZmxvdzA4LnR4dAAAEwABLwAAFQACAAr//wAA0hscHR5aJGNsYXNzbmFtZVgkY2xhc3Nlc11OU011dGFibGVEYXRhox0fIFZOU0RhdGFYTlNPYmplY3TSGxwiI1xOU0RpY3Rpb25hcnmiIiBfEA9OU0tleWVkQXJjaGl2ZXLRJidUcm9vdIABAAgAEQAaACMALQAyADcAQABGAE0AVABcAGcAaQBsAG4AcABzAHUAdwCEAI4A6ADtAPUA9wMDAwgDEwMcAyoDLgM1Az4DQwNQA1MDZQNoA20AAAAAAAACAQAAAAAAAAAoAAAAAAAAAAAAAAAAAAADbw==}}

@inproceedings{Fei01,
	Author = {Fei, A. and Cui, J. and Gerla, M. and Cavendish, D.},
	Booktitle = {Communications, 2001. ICC 2001. IEEE International Conference on},
	Date-Added = {2012-11-10 22:27:46 -0500},
	Date-Modified = {2012-11-10 22:29:28 -0500},
	Organization = {IEEE},
	Pages = {690--694},
	Title = {A ``dual-tree'' scheme for fault-tolerant multicast},
	Volume = {3},
	Year = {2001}}

@article{Friedl09,
	Author = {Friedl, A. and Ubik, S. and Kapravelos, A. and Polychronakis, M. and Markatos, E.},
	Date-Added = {2012-11-10 22:27:46 -0500},
	Date-Modified = {2012-11-10 22:31:09 -0500},
	Journal = {Traffic Monitoring and Analysis},
	Pages = {1--7},
	Publisher = {Springer},
	Title = {Realistic passive packet loss measurement for high-speed networks},
	Year = {2009}}

@article{Horowitz08,
	Author = {Horowitz, S. and Novosel, D. and Madani, V. and Adamiak, M.},
	Date-Added = {2012-11-10 22:27:46 -0500},
	Date-Modified = {2012-11-10 22:31:41 -0500},
	Journal = {Power and Energy Magazine, IEEE},
	Number = {5},
	Pages = {34--42},
	Publisher = {IEEE},
	Title = {System-wide protection},
	Volume = {6},
	Year = {2008}}

@article{Medard99,
	Author = {M{\'e}dard, M. and Finn, S.G. and Barry, R.A. and Gallager, R.G.},
	Date-Added = {2012-11-10 22:27:46 -0500},
	Date-Modified = {2012-11-10 22:32:05 -0500},
	Journal = {IEEE/ACM Transactions on Networking (TON)},
	Number = {5},
	Pages = {641--652},
	Publisher = {IEEE Press},
	Title = {Redundant trees for preplanned recovery in arbitrary vertex-redundant or edge-redundant graphs},
	Volume = {7},
	Year = {1999}}

@mastersthesis{Pointurier02,
	Author = {Pointurier, Y.},
	Date-Added = {2012-11-10 22:27:46 -0500},
	Date-Modified = {2012-11-12 22:13:46 -0500},
	School = {University of Virginia},
	Title = {Link Failure Recovery for MPLS Networks with Multicasting},
	Year = {2002}}

@inproceedings{Reitblatt11,
	Author = {Reitblatt, M. and Foster, N. and Rexford, J. and Walker, D.},
	Booktitle = {Proceedings of the 10th ACM Workshop on Hot Topics in Networks},
	Date-Added = {2012-11-10 22:27:46 -0500},
	Date-Modified = {2012-11-10 22:30:34 -0500},
	Organization = {ACM},
	Pages = {7},
	Title = {Consistent updates for software-defined networks: Change you can believe in!},
	Year = {2011}}

@inproceedings{Wu97,
	Author = {Wu, C.S. and Lee, S.W. and Hou, Y.T.},
	Booktitle = {Communications, 1997. ICC 97 Montreal,'Towards the Knowledge Millennium'. 1997 IEEE International Conference on},
	Date-Added = {2012-11-10 22:27:46 -0500},
	Date-Modified = {2012-11-10 22:29:58 -0500},
	Organization = {IEEE},
	Pages = {267--271},
	Title = {Backup VP preplanning strategies for survivable multicast ATM networks},
	Volume = {1},
	Year = {1997}}

@inproceedings{Kth09,
	Author = {Chenine, M. and Zhu, K. and Nordstrom, L.},
	Booktitle = {PowerTech, 2009 IEEE Bucharest},
	Date-Added = {2012-11-10 22:12:03 -0500},
	Date-Modified = {2012-11-10 22:31:50 -0500},
	Organization = {IEEE},
	Pages = {1--8},
	Title = {Survey on priorities and communication requirements for PMU-based applications in the Nordic Region},
	Year = {2009}}

@article{Bakken11,
	Author = {Bakken, D.E. and Bose, A. and Hauser, C.H. and Whitehead, D.E. and Zweigle, G.C.},
	Date-Added = {2012-11-10 22:10:54 -0500},
	Date-Modified = {2012-11-10 22:31:57 -0500},
	Journal = {Proceedings of the IEEE},
	Number = {6},
	Pages = {928--951},
	Publisher = {IEEE},
	Title = {Smart generation and transmission with coherent, real-time data},
	Volume = {99},
	Year = {2011}}

@techreport{NaspiTech,
	Date-Added = {2010-12-21 20:26:02 -0500},
	Date-Modified = {2012-12-04 18:20:36 -0500},
	Institution = {North-American Synchro-Phasor Initative},
	Month = {October},
	Title = {{S}ynchro-{P}hasor {D}ata {V}alidation},
	Year = {2010}}
